@article{self_control2008,
  title={Self-control of traffic lights and vehicle flows in urban road networks},
  author={L{\"a}mmer, Stefan and Helbing, Dirk},
  journal={Journal of Statistical Mechanics: Theory and Experiment},
  volume={2008},
  number={04},
  pages={P04019},
  year={2008},
  publisher={IOP Publishing}
}

@article{survey2014,
  title={A survey of traffic control with vehicular communications},
  author={Li, Li and Wen, Ding and Yao, Danya},
  journal={IEEE Transactions on Intelligent Transportation Systems},
  volume={15},
  number={1},
  pages={425--432},
  year={2014},
  publisher={IEEE}
}